<record><leader>00000cas a22000007a 4500</leader><controlfield tag="001">18951398</controlfield><controlfield tag="008">881229c19uu9999pauwr ne      0    0eng d</controlfield><datafield ind1=" " ind2=" " tag="010"><subfield code="a">sn 89077858 </subfield></datafield><datafield ind1=" " ind2=" " tag="040"><subfield code="a">NPH</subfield><subfield code="b">eng</subfield><subfield code="c">NPH</subfield><subfield code="d">OCLCQ</subfield><subfield code="d">UPM</subfield><subfield code="d">OCLCF</subfield></datafield><datafield ind1=" " ind2=" " tag="042"><subfield code="a">msc</subfield></datafield><datafield ind1="0" ind2=" " tag="130"><subfield code="a">News of Delaware County (Upper Darby, Pa. : Marple-Newtown-Springfield ed.)</subfield></datafield><datafield ind1="1" ind2="0" tag="245"><subfield code="a">News of Delaware County.</subfield></datafield><datafield ind1=" " ind2=" " tag="250"><subfield code="a">[Marple-Newtown-Springfield ed.].</subfield></datafield><datafield ind1=" " ind2=" " tag="260"><subfield code="a">Upper Darby, Pa. :</subfield><subfield code="b">Acme Newspapers, Inc.</subfield></datafield><datafield ind1=" " ind2=" " tag="300"><subfield code="a">v. :</subfield><subfield code="b">ill. ;</subfield><subfield code="c">58 cm.</subfield></datafield><datafield ind1=" " ind2=" " tag="310"><subfield code="a">Weekly</subfield></datafield><datafield ind1=" " ind2=" " tag="500"><subfield code="a">"An independent newspaper published weekly on Thursday."</subfield></datafield><datafield ind1=" " ind2=" " tag="500"><subfield code="a">Published in various editions.</subfield></datafield><datafield ind1=" " ind2=" " tag="500"><subfield code="a">Edition statement varies: Marple-Newtown-Springfield ed., &lt;Jan. 23, 1969-Feb. 21, 1974&gt;; Marple Newtown ed., &lt;Apr. 13, 1978-Feb. 8, 1979&gt;; Marple Newtown-Springfield ed., &lt;Oct. 1, 1981-Feb. 7, 1985&gt;; Springfield ed., &lt;May 24-June 14, 1984&gt;; Springfield/Marple ed., &lt;Jan. 8, 1985&gt;; Marple-Springfield ed., &lt;Feb. 14-Aug. 29, 1985&gt;; Springfield/Marple ed., &lt;Dec. 11, 1985-Sept. 30, 1987&gt;; Springfield Marple Newtown ed., &lt;June 18, 1986-&gt;.</subfield></datafield><datafield ind1=" " ind2=" " tag="588"><subfield code="a">Description based on: Vol. 36, no. 29 (Jan. 23, 1969).</subfield></datafield><datafield ind1=" " ind2="0" tag="651"><subfield code="a">Upper Darby (Pa.)</subfield><subfield code="v">Newspapers.</subfield></datafield><datafield ind1=" " ind2="7" tag="655"><subfield code="a">Newspapers.</subfield><subfield code="2">fast</subfield><subfield code="0">(OCoLC)fst01423814</subfield></datafield><datafield ind1=" " ind2="7" tag="651"><subfield code="a">Pennsylvania</subfield><subfield code="z">Upper Darby.</subfield><subfield code="2">fast</subfield><subfield code="0">(OCoLC)fst01206365</subfield></datafield><datafield ind1=" " ind2=" " tag="752"><subfield code="a">United States</subfield><subfield code="b">Pennsylvania</subfield><subfield code="c">Delaware</subfield><subfield code="d">Upper Darby.</subfield></datafield></record>